@Article{Chen14:implicit,
  author =     {Yan Chen and Jana Dunfield and Matthew A. Hammer and Umut A. Acar},
  title =      {Implicit Self-Adjusting Computation for Purely Functional Programs},
  journal =    {J. Functional Programming},
  year =       {2014}
}
